<?xml version="1.0" encoding="UTF-8"?><collection xmlns="http://www.loc.gov/MARC21/slim"><record><leader>00466nam--2200169-i-4500</leader><controlfield tag="001">000025563</controlfield><controlfield tag="002">20161230</controlfield><controlfield tag="005">20161230201036</controlfield><controlfield tag="008">060222s1000------------r-----000-0-eng-d</controlfield><datafield ind1=" " ind2=" " tag="040"><subfield code="a">IFIN-HH</subfield></datafield><datafield ind1=" " ind2=" " tag="080"><subfield code="a">53.081:539.1(08)</subfield></datafield><datafield ind1="1" ind2=" " tag="110"><subfield code="a">The Institute Of Atomic Energy, Academia Sinica</subfield></datafield><datafield ind1="1" ind2="0" tag="245"><subfield code="a">Tables of the clebsch-gordon coefficients</subfield></datafield><datafield ind1=" " ind2=" " tag="260"><subfield code="a">Peking</subfield><subfield code="b">Science Pres</subfield><subfield code="c">1965</subfield></datafield><datafield ind1=" " ind2=" " tag="300"><subfield code="a">VI + 564 P</subfield></datafield><datafield ind1=" " ind2=" " tag="852"><subfield code="a">28784</subfield><subfield code="c">53.081</subfield></datafield><datafield ind1=" " ind2=" " tag="CAT"><subfield code="a">Sys</subfield><subfield code="c">20160329</subfield><subfield code="h">142813</subfield></datafield></record></collection>